@ARTICLE{AST,
    AUTHOR="L. A. Gatys, A. S. Ecker and M. Bethge",
    TITLE="A Neural Algorithm of Artistic Style",
    archivePrefix = {arXiv},
    eprint = {1508.06576},
    primaryClass = {cs}
}

@ARTICLE{AST-2,
    AUTHOR="J. Johnson, A. Alahi and L. Fei-Fei",
    TITLE="Perceptual Losses for Real-Time Style Transfer and Super-Resolution",
    archivePrefix = {arXiv},
    eprint = {1603.08155},
    primaryClass = {cs}
}

@MISC{Blog,
	HOWPUBLISHED="\url{http://www.subsubroutine.com/sub-subroutine/2016/11/12/painting-like-van-gogh-with-convolutional-neural-networks}",
	AUTHOR="C. Mence",
	TITLE="Painting like Van Gogh with Convolutional Neural Networks",
	MONTH="Nov",
	YEAR="2016",
	NOTE="Last accessed on 17/05/2019"
}

@ARTICLE{VGG-19,
	AUTHOR="K. Simonyan and A. Zisserman",
	TITLE="Very Deep Convolutional Networks for Large-Scale Image Recognition",
    archivePrefix = {arXiv},
    eprint = {1409.1556},
    primaryClass = {cs}
}